

@Book{Cormen2001introduction,
  title = {Introduction to Algorithms},
  author = {Thomas H. Cormen and Charles E. Leiserson and Ronald L. Rivest and Clifford Stein},
  edition = 2,
  keywords = {},
  publisher = {The MIT Press},
  year = 2001,
  isbn = {0-262-03293-7},
}
